<?xml version="1.0" encoding="UTF-8"?><collection xmlns="http://www.loc.gov/MARC21/slim"><record><leader>00471nam--2200181-i-4500</leader><controlfield tag="001">000021156</controlfield><controlfield tag="002">20161230</controlfield><controlfield tag="005">20170116002713</controlfield><controlfield tag="008">060222s1000------------r-----000-0-eng-d</controlfield><datafield ind1=" " ind2=" " tag="040"><subfield code="a">IFIN-HH</subfield></datafield><datafield ind1=" " ind2=" " tag="100"><subfield code="a">Jahnke, Eugene</subfield></datafield><datafield ind1=" " ind2=" " tag="245"><subfield code="a">Tables of functions, with formulae and curves ..</subfield></datafield><datafield ind1=" " ind2=" " tag="250"><subfield code="a">4-th edition</subfield></datafield><datafield ind1=" " ind2=" " tag="260"><subfield code="a">New York</subfield><subfield code="b">Dover Publ</subfield></datafield><datafield ind1=" " ind2=" " tag="300"><subfield code="a">/1045/, XIV + 76p.Cu Fig</subfield></datafield><datafield ind1=" " ind2=" " tag="700"><subfield code="a">Emde, Fritz</subfield></datafield><datafield ind1=" " ind2=" " tag="852"><subfield code="a">12105</subfield><subfield code="c">518.2</subfield></datafield><datafield ind1=" " ind2=" " tag="CAT"><subfield code="a">SYS</subfield><subfield code="c">20170116</subfield><subfield code="h">002713</subfield></datafield></record></collection>